<record><leader>00000cas a22000007a 4500</leader><controlfield tag="001">34616525</controlfield><controlfield tag="008">960423d19uu1930cauwr ne      0    0eng d</controlfield><datafield ind1=" " ind2=" " tag="010"><subfield code="a">sn 96061014 </subfield></datafield><datafield ind1=" " ind2=" " tag="040"><subfield code="a">CNK</subfield><subfield code="b">eng</subfield><subfield code="c">CNK</subfield><subfield code="d">OCLCQ</subfield><subfield code="d">OCLCF</subfield><subfield code="d">OCLCO</subfield></datafield><datafield ind1="1" ind2=" " tag="029"><subfield code="a">AU@</subfield><subfield code="b">000025929541</subfield></datafield><datafield ind1=" " ind2=" " tag="042"><subfield code="a">msc</subfield></datafield><datafield ind1=" " ind2=" " tag="043"><subfield code="a">n-us-ca</subfield></datafield><datafield ind1="0" ind2=" " tag="130"><subfield code="a">Pittsburg post (Pittsburg, Calif.)</subfield></datafield><datafield ind1="1" ind2="4" tag="245"><subfield code="a">The Pittsburgh post.</subfield></datafield><datafield ind1="3" ind2=" " tag="246"><subfield code="a">Pittsburg post</subfield></datafield><datafield ind1=" " ind2=" " tag="260"><subfield code="a">Pittsburg, Contra Costa County, Calif. :</subfield><subfield code="b">R.A. Bergthold</subfield></datafield><datafield ind1=" " ind2=" " tag="300"><subfield code="a">v.</subfield></datafield><datafield ind1=" " ind2=" " tag="310"><subfield code="a">Weekly</subfield></datafield><datafield ind1="0" ind2=" " tag="362"><subfield code="a">-v. 30, no. 30 (July 25, 1930).</subfield></datafield><datafield ind1=" " ind2=" " tag="588"><subfield code="a">Description based on: 64th year (Apr. 4, 1906).</subfield></datafield><datafield ind1=" " ind2="0" tag="651"><subfield code="a">Pittsburg (Calif.)</subfield><subfield code="v">Newspapers.</subfield></datafield><datafield ind1=" " ind2="7" tag="655"><subfield code="a">Newspapers.</subfield><subfield code="2">fast</subfield><subfield code="0">(OCoLC)fst01423814</subfield></datafield><datafield ind1=" " ind2="7" tag="651"><subfield code="a">California</subfield><subfield code="z">Pittsburg.</subfield><subfield code="2">fast</subfield><subfield code="0">(OCoLC)fst01214587</subfield></datafield><datafield ind1=" " ind2=" " tag="752"><subfield code="a">United States</subfield><subfield code="b">California</subfield><subfield code="c">Contra Costa</subfield><subfield code="d">Pittsburg.</subfield></datafield><datafield ind1="0" ind2="7" tag="785"><subfield code="t">Pittsburg evening dispatch</subfield><subfield code="w">(DLC)sn 96061018</subfield></datafield><datafield ind1="0" ind2="7" tag="785"><subfield code="t">Pittsburg post dispatch (Pittsburg, Calif. : 1930)</subfield><subfield code="w">(DLC)sn 92069499</subfield></datafield></record>